@article{7423672, 
  author={F. Tschorsch en B. Scheuermann}, 
  journal={IEEE Communications Surveys Tutorials}, 
  title={Bitcoin and Beyond: A Technical Survey on Decentralized Digital Currencies}, 
  year={2016}, 
  volume={18}, 
  number={3}, 
  pages={2084-2123}, 
  keywords={electronic money;Bitcoin protocol;billion dollar economy;decentralized digital currency;design space exploration;Contracts;Cryptography;Internet;Online banking;Protocols;Space exploration;Tutorials;Altcoins;Bitcoin;blockchain;cryptocurrencies;digital currencies;distributed consensus;survey;tutorial}, 
  doi={10.1109/COMST.2016.2535718}, 
  ISSN={1553-877X}, 
  month={thirdquarter},
}

@article{crosby2016blockchain,
  title={Blockchain technology: Beyond bitcoin},
  author={Crosby, Michael and Pattanayak, Pradan and Verma, Sanjeev and Kalyanaraman, Vignesh},
  journal={Applied Innovation},
  volume={2},
  pages={6--10},
  year={2016}
}

@article{lamport1982byzantine,
  title={The Byzantine generals problem},
  author={Lamport, L. and others},
  journal={ACM Transactions on Programming Languages and Systems (TOPLAS)},
  volume={4},
  number={3},
  pages={382--401},
  year={1982},
  publisher={ACM}
}

@inproceedings{douceur2002sybil,
  title={The sybil attack},
  author={Douceur, John R},
  booktitle={International workshop on peer-to-peer systems},
  pages={251--260},
  year={2002},
  organization={Springer}
}

@article{conti2017survey,
  title={A survey on security and privacy issues of bitcoin},
  author={Conti, Mauro and Lal, Chhagan and Ruj, Sushmita and others},
  journal={arXiv preprint arXiv:1706.00916},
  year={2017}
}

@article{karame2012two,
  title={Two Bitcoins at the Price of One? Double-Spending Attacks on Fast Payments in Bitcoin.},
  author={Karame, Ghassan and Androulaki, Elli and Capkun, Srdjan},
  journal={IACR Cryptology ePrint Archive},
  volume={2012},
  number={248},
  year={2012}
}

@INPROCEEDINGS{6688704, 
  author={C. Decker and R. Wattenhofer}, 
  booktitle={IEEE P2P 2013 Proceedings}, 
  title={Information propagation in the Bitcoin network}, 
  year={2013}, 
  volume={}, 
  number={}, 
  pages={1-10}, 
  keywords={financial data processing;foreign exchange trading;Bitcoin network;blockchain forks;digital currency;information propagation;multihop broadcast;protocol;replicated ledger;transaction verification;Buildings;Conferences;Delays;History;Peer-to-peer computing;Protocols;Synchronization}, 
  doi={10.1109/P2P.2013.6688704}, 
  ISSN={2161-3559}, 
  month={Sept},
}

@article{nakamoto2008bitcoin,
  title={Bitcoin: A peer-to-peer electronic cash system},
  author={Nakamoto, Satoshi},
  year={2008}
}

@inproceedings{Okamoto:1991:UEC:646756.705374,
 author = {Okamoto, Tatsuaki en Ohta, Kazuo},
 title = {Universal Electronic Cash},
 booktitle = {Proceedings of the 11th Annual International Cryptology Conference on Advances in Cryptology},
 series = {CRYPTO '91},
 year = {1992},
 isbn = {3-540-55188-3},
 pages = {324--337},
 numpages = {14},
 url = {http://dl.acm.org/citation.cfm?id=646756.705374},
 acmid = {705374},
 publisher = {Springer-Verlag},
 address = {London, UK, UK},
}

@inproceedings{kiayias2017ouroboros,
  title={Ouroboros: A provably secure proof-of-stake blockchain protocol},
  author={Kiayias, A. and others},
  booktitle={Annual International Cryptology Conference},
  pages={357--388},
  year={2017},
  organization={Springer}
}

@article{noether2014monero,
  title={Monero is not that mysterious},
  author={Noether, Y. and others },
  journal={Technical report},
  year={2014}
}

@misc{van2013cryptonote,
  title={Cryptonote v 2. 0},
  author={Van Saberhagen, Nicolas},
  year={2013}
}

@inproceedings{kiffer2017stick,
  title={Stick a fork in it: Analyzing the Ethereum network partition},
  author={Kiffer, Lucianna and Levin, Dave and Mislove, Alan},
  booktitle={Proceedings of the 16th ACM Workshop on Hot Topics in Networks},
  pages={94--100},
  year={2017},
  organization={ACM}
}

@inproceedings{heilman2015eclipse,
  title={Eclipse Attacks on Bitcoin's Peer-to-Peer Network.},
  author={Heilman, Ethan and Kendler, Alison and Zohar, Aviv and Goldberg, Sharon},
  booktitle={USENIX Security Symposium},
  pages={129--144},
  year={2015}
}

@article{atzori2015blockchain,
  title={Blockchain technology and decentralized governance: Is the state still necessary?},
  author={Atzori, Marcella},
  year={2015}
}

@article{bawa2003peer,
  title={Peer-to-peer research at Stanford},
  author={Bawa, Mayank and Cooper, Brian F and Crespo, Arturo and Daswani, Neil and Ganesan, Prasanna and Garcia-Molina, Hector and Kamvar, Sepandar and Marti, Sergio and Schlosser, Mario and Sun, Qi and others},
  journal={ACM SIGMOD Record},
  volume={32},
  number={3},
  pages={23--28},
  year={2003},
  publisher={ACM}
}

@article{posvspow,
  title={Proof of Stake versus Proof of Work},
  author={{BitFury Group}},
  publisher= {BitFury Group},
  year = {2015}
}

@inproceedings{maymounkov2002kademlia,
  title={Kademlia: A peer-to-peer information system based on the xor metric},
  author={Maymounkov, Petar and Mazieres, David},
  booktitle={International Workshop on Peer-to-Peer Systems},
  pages={53--65},
  year={2002},
  organization={Springer}
}

@article{kruchten19954+,
  title={The 4+ 1 view model of architecture},
  author={Kruchten, Philippe B},
  journal={IEEE software},
  volume={12},
  number={6},
  pages={42--50},
  year={1995},
  publisher={IEEE}
}

\\ Used in figures
@misc{bitcoin_wiki,
    author = {{Bitcoin Wiki}},
    title = {Bitcoin Wiki0},
    year = {2010},
    url = {https://en.bitcoin.it/wiki}
}

@inproceedings{ODwyer:Bitcoin,
  author = {Karl J O'Dwyer and David Malone},
  title = {Bitcoin Mining and its Energy Footprint},
  year = {2014},
}

@article{zheng2016blockchain,
  title={Blockchain challenges and opportunities: A survey},
  author={Zheng, Zibin and Xie, Shaoan and Dai, Hong-Ning and Wang, Huaimin},
  journal={Work Pap.--2016},
  year={2016}
}

\\ Books
@book{Antonopoulos:2014:MBU:2695500,
 author = {Antonopoulos, Andreas M.},
 title = {Mastering Bitcoin: Unlocking Digital Crypto-Currencies},
 year = {2014},
 isbn = {1449374042, 9781449374044},
 edition = {1st},
 publisher = {O'Reilly Media, Inc.},
}

@inproceedings{zantout2011i2p,
  title={I2P data communication system},
  author={Zantout, Bassam and Haraty, Ramzi},
  booktitle={Proceedings of ICN},
  pages={401--409},
  year={2011},
  organization={Citeseer}
}

@inproceedings{eyal2014majority,
  title={Majority is not enough: Bitcoin mining is vulnerable},
  author={Eyal, Ittay and Sirer, Emin G{\"u}n},
  booktitle={International conference on financial cryptography and data security},
  pages={436--454},
  year={2014},
  organization={Springer}
}

@inproceedings{zheng2017overview,
  title={An overview of blockchain technology: Architecture, consensus, and future trends},
  author={Zheng, Zibin and Xie, Shaoan and Dai, Hongning and Chen, Xiangping and Wang, Huaimin},
  booktitle={Big Data (BigData Congress), 2017 IEEE International Congress on},
  pages={557--564},
  year={2017},
  organization={IEEE}
}

@inproceedings{meiklejohn2013fistful,
  title={A fistful of bitcoins: characterizing payments among men with no names},
  author={Meiklejohn, Sarah and Pomarole, Marjori and Jordan, Grant and Levchenko, Kirill and McCoy, Damon and Voelker, Geoffrey M and Savage, Stefan},
  booktitle={Proceedings of the 2013 conference on Internet measurement conference},
  pages={127--140},
  year={2013},
  organization={ACM}
}

@inproceedings{karame2012double,
  title={Double-spending fast payments in bitcoin},
  author={Karame, Ghassan O and Androulaki, Elli and Capkun, Srdjan},
  booktitle={Proceedings of the 2012 ACM conference on Computer and communications security},
  pages={906--917},
  year={2012},
  organization={ACM}
}

@inproceedings{pfitzmann2001anonymity,
  title={Anonymity, unobservability, and pseudonymityâ€”a proposal for terminology},
  author={Pfitzmann, Andreas and K{\"o}hntopp, Marit},
  booktitle={Designing privacy enhancing technologies},
  pages={1--9},
  year={2001},
  organization={Springer}
}

@incollection{reid2013analysis,
  title={An analysis of anonymity in the bitcoin system},
  author={Reid, Fergal and Harrigan, Martin},
  booktitle={Security and privacy in social networks},
  pages={197--223},
  year={2013},
  publisher={Springer}
}

\\ Websites
@misc{dash_wiki_masternodes,
  author = {{Dash Wiki}},
  year = {2018},
  title = { Understanding Masternodes | Dash latest documentation },
  url = {https://docs.dash.org/en/latest/masternodes/understanding.html},
  note = {[Online; benaderd op 3 april, 2018]}
}

@misc{ethereum_smart_contract,
  author = {{Ethereum}},
  year = {2017},
  title = { Create a Hello World contract in Ethereum },
  url = {https://www.ethereum.org/greeter},
  note = {[Online; benaderd op 3 april, 2018]}
}

@misc{nist_bitcoind_dos,
  author = {{NIST}},
  year = {2013},
  title= {NVD - CVE-2013-5700},
  url= {https://nvd.nist.gov/vuln/detail/CVE-2013-5700},
  note = {[Online; benaderd op 6 april, 2018]}
}

@misc{cryptokitties,
  author = {{Zen, A.}},
  year = {2017},
  title = {CryptoKitties | Collect and breed digital cats},
  url = {https://www.cryptokitties.co/press}
}

@misc{cardano_wiki,
  author = {{Cardano Wiki}},
  year = {2013},
  title = {Cardano},
  url = {https://cardanodocs.com/}
}

@misc{steemit:eos_dpos,
  author = {{ Roman, K. }},
  year = {2018},
  title = { Understanding EOS and Delegated Proof of Stake --- Steemit },
  url = {https://steemit.com/eos/@eosgo/understanding-eos-and-delegated-proof-of-stake}
}

@misc{coindesk:forks,
  author = {{ Castor, A. }},
  year = {2017},
  title = { A Short Guide to Bitcoin Forks - CoinDesk },
  url = {https://www.coindesk.com/short-guide-bitcoin-forks-explained/}
}

@misc{moneropedia:tunnel,
  author = {{Monero}},
  year = {2017},
  title = {Tunnel | Moneropedia | Monero - secure, private, untraceable},
  url = {https://getmonero.org/resources/moneropedia/tunnel.html}
}

@misc{coursera:cryptocurrency,
  author = {{Narayanan, A.}},
  year = {2018},
  title = {Bitcoin and Anonymity},
  url = {https://www.coursera.org/learn/cryptocurrency/lecture/T1RGE}
}

@misc{moneropedia,
  author = {{Monero}},
  year = {2017},
  title = {Moneropedia | Monero - secure, private, untraceable},
  url = {https://getmonero.org/resources/moneropedia}
}