@misc{wiki:hardfork,
  author = {Fork (blockchain)},
  title = "Fork (blockchain) Wikipedia, The Free Encyclopedia",
  year = "2010",
  url = "https://en.wikipedia.org/wiki/Fork(blockchain)",
  note = "[Online; geraadpleegd op 22 februari 2018]"
}

@misc{medium:blockchain-fundamentals,
  author = {Konstantopoulos, G.},
  title = "Understanding Blockchain Fundamentals, Part 2: Proof of Work \& Proof of Stake",
  year = "2017",
  url = "https://medium.com/loom-network/understanding-blockchain-fundamentals-part-2-proof-of-work-proof-of-stake-b6ae907c7edb",
  note = "[Online; geraadpleegd op 22 februari 2018]"
}